<?xml version="1.0" encoding="UTF-8" ?>
<collection xmlns:xsi="http://www.w3.org/2001/XMLSchema-instance" xsi:schemaLocation="http://www.loc.gov/MARC21/slim http://www.loc.gov/standards/marcxml/schema/MARC21slim.xsd" xmlns="http://www.loc.gov/MARC21/slim">
   <record>
      <leader>     cam a22      a 4500</leader>
      <controlfield tag="001">1743690</controlfield>
      <controlfield tag="003">COO</controlfield>
      <controlfield tag="005">20140823204456.0</controlfield>
      <controlfield tag="008">900618q1954    ua a          000 0 ara d</controlfield>
      <datafield tag="035" ind1=" " ind2=" ">
         <subfield code="a">(NIC)notisAJD4583</subfield>
      </datafield>
      <datafield tag="035" ind1=" " ind2=" ">
         <subfield code="a">(OCoLC)43745601</subfield>
      </datafield>
      <datafield tag="035" ind1=" " ind2=" ">
         <subfield code="a">1743690</subfield>
      </datafield>
      <datafield tag="040" ind1=" " ind2=" ">
         <subfield code="a">NIC</subfield>
         <subfield code="c">NIC</subfield>
      </datafield>
      <datafield tag="100" ind1="1" ind2=" ">
         <subfield code="a">Maqār, Tawfīq.</subfield>
      </datafield>
      <datafield tag="245" ind1="1" ind2="3">
         <subfield code="a">al-ʻAdālah al-ijtimāʻīyah wa-ḥuqūq al-fard /</subfield>
         <subfield code="c">ishtaraka fī iʻdād hādhā al-kitāb Tawfīq Maqār, Muḥammad ʻAbd al-Qādir Ḥāfiẓ.</subfield>
      </datafield>
      <datafield tag="260" ind1=" " ind2=" ">
         <subfield code="a">[al-Qāhirah] :</subfield>
         <subfield code="b">Dār al-Maʻārif,</subfield>
         <subfield code="c">[1954?]</subfield>
      </datafield>
      <datafield tag="300" ind1=" " ind2=" ">
         <subfield code="a">159 :</subfield>
         <subfield code="b">ill. ;</subfield>
         <subfield code="c">19 cm.  </subfield>
      </datafield>
      <datafield tag="490" ind1="1" ind2=" ">
         <subfield code="a">Ikhtarnā laka ;</subfield>
         <subfield code="v">5</subfield>
      </datafield>
      <datafield tag="650" ind1=" " ind2="0">
         <subfield code="a">Social justice.</subfield>
      </datafield>
      <datafield tag="830" ind1=" " ind2="0">
         <subfield code="a">Ikhtarnā lak ;</subfield>
         <subfield code="v">5.</subfield>
      </datafield>
      <datafield tag="905" ind1=" " ind2=" ">
         <subfield code="a">19910430120000.0</subfield>
      </datafield>
      <datafield tag="903" ind1=" " ind2=" ">
         <subfield code="a">NYUACO</subfield>
         <subfield code="d">20141028</subfield>
         <subfield code="p">31924051579138</subfield>
      </datafield>
      <datafield tag="950" ind1=" " ind2=" ">
         <subfield code="a">HM216</subfield>
         <subfield code="b">.M291</subfield>
         <subfield code="v"> </subfield>
      </datafield>
   </record>
</collection>
